<?xml version="1.0" encoding="UTF-8"?><collection xmlns="http://www.loc.gov/MARC21/slim"><record><leader>00388nam--2200157-i-4500</leader><controlfield tag="001">000046725</controlfield><controlfield tag="002">20161230</controlfield><controlfield tag="005">20170110225456</controlfield><controlfield tag="008">060222s1000------------r-----000-0-eng-d</controlfield><datafield ind1=" " ind2=" " tag="080"><subfield code="a">539.17.01</subfield></datafield><datafield ind1=" " ind2=" " tag="100"><subfield code="a">Wada, Yasushi</subfield></datafield><datafield ind1=" " ind2=" " tag="245"><subfield code="a">On the theory of nuclear reactions</subfield></datafield><datafield ind1=" " ind2=" " tag="260"><subfield code="a">Philadelphia</subfield><subfield code="b">Univ.Of Pennsylvania</subfield></datafield><datafield ind1=" " ind2=" " tag="300"><subfield code="a">34 p</subfield></datafield><datafield ind1=" " ind2=" " tag="852"><subfield code="a">19825</subfield></datafield><datafield ind1=" " ind2=" " tag="CAT"><subfield code="a">SYS</subfield><subfield code="c">20170110</subfield><subfield code="h">225456</subfield></datafield></record></collection>